@misc{NobelMediaAB:2014,
	author = {NobelMediaAB},
	year = {2014},
	title = {The {Nobel} Prize in Physics 1979},
	url = {http://www.nobelprize.org/nobel_prizes/physics/laureates/1979/},
	titleaddon = {Nobelprize.org},
	urldate = {2015-01-02},
	date = {2014}
}